<record xmlns:xsi="http://www.w3.org/2001/XMLSchema-instance" xmlns="http://www.loc.gov/MARC21/slim" xsi:schemaLocation="http://www.loc.gov/MARC21/slim http://www.loc.gov/standards/marcxml/schema/MARC21slim.xsd">

  <leader>00832nam a2200181Ia 4500</leader>
  <controlfield tag="008">160420b1995    cr a|||| |||| 00| | spa d</controlfield>
  <datafield tag="090" ind1=" " ind2=" ">
    <subfield code="a">06.03.06 </subfield>
    <subfield code="b">609</subfield>
  </datafield>
  <datafield tag="100" ind1="1" ind2=" ">
    <subfield code="a">Brenes Castro, Violeta</subfield>
    <subfield code="9">1572</subfield>
  </datafield>
  <datafield tag="245" ind1="1" ind2="0">
    <subfield code="a">Experiencias didácticas Matemáticas Geometría algebra intuitiva / </subfield>
    <subfield code="c">Violeta Brenes Castro, Mario Murillo Chaves, Ana Lía Quesada Murillo</subfield>
  </datafield>
  <datafield tag="260" ind1=" " ind2=" ">
    <subfield code="a">Heredia, Costa Rica :  </subfield>
    <subfield code="b">Programas de Publicaciones e Impresiones Universidad Nacional, </subfield>
    <subfield code="c">1995</subfield>
  </datafield>
  <datafield tag="300" ind2=" " ind1=" ">
    <subfield code="a">71 páginas;</subfield>
    <subfield code="b">ilustraciones</subfield>
  </datafield>
  <datafield ind1=" " ind2=" " tag="500">
    <subfield code="a">Folleto elaborado en el marco del proyecto del "Plan piloto para el mejoramiento de la enseñanza de la ciencia y la matemática"</subfield>
  </datafield>
  <datafield ind1="1" ind2="4" tag="650">
    <subfield code="a">EDUCACIÓN SECUNDARIA</subfield>
    <subfield code="9">456</subfield>
  </datafield>
  <datafield tag="650" ind1="1" ind2="4">
    <subfield code="a">MATEMÁTICAS  </subfield>
    <subfield code="9">482</subfield>
  </datafield>
  <datafield ind1="1" ind2=" " tag="700">
    <subfield code="a">Murillo Chaves, Mario</subfield>
    <subfield code="9">1573</subfield>
  </datafield>
  <datafield tag="700" ind1="1" ind2=" ">
    <subfield code="a">Quesada Solano, Ana Lía</subfield>
    <subfield code="9">1575</subfield>
  </datafield>
  <datafield tag="942" ind2=" " ind1=" ">
    <subfield code="2">z</subfield>
    <subfield code="c">04</subfield>
  </datafield>
  <datafield ind2=" " ind1=" " tag="999">
    <subfield code="c">1817</subfield>
    <subfield code="d">1817</subfield>
  </datafield>
</record>